<record xmlns="http://www.loc.gov/MARC21/slim" xmlns:xsi="http://www.w3.org/2001/XMLSchema-instance" xsi:schemaLocation="http://www.loc.gov/MARC21/slim http://www.loc.gov/standards/marcxml/schema/MARC21slim.xsd"><leader>     nam a22        4500</leader><controlfield tag="001">3076747</controlfield><controlfield tag="003">NNC</controlfield><controlfield tag="006">m        d        </controlfield><controlfield tag="007">cr cn |||m|||a</controlfield><controlfield tag="008">150318s1893    ua      o     000 0 ara d</controlfield><datafield ind1=" " ind2=" " tag="040"><subfield code="a">NNU</subfield><subfield code="b">eng</subfield><subfield code="e">rda</subfield><subfield code="c">NNU</subfield></datafield><datafield ind1=" " ind2="4" tag="050"><subfield code="a">BP160</subfield><subfield code="b">.S49 1893</subfield></datafield><datafield ind1="1" ind2=" " tag="100"><subfield code="6">880-01</subfield><subfield code="a">Shaykh al-Turbah, &#699;Ali&#772; Dadah ibn Mus&#803;t&#803;afa&#769;,</subfield><subfield code="d">-1598 or 1599.</subfield></datafield><datafield ind1="1" ind2="0" tag="245"><subfield code="6">880-02</subfield><subfield code="a">Muh&#803;a&#772;d&#803;arat al-awa&#772;&#700;il wa-musa&#772;marat al-awa&#772;khir /</subfield><subfield code="c">ta&#700;li&#772;f &#699;Ala&#772;&#700; al-Di&#772;n &#699;Ali&#772; Dadah al-Saktawa&#772;ri&#772; al-Bu&#772;snawi&#772;.</subfield></datafield><datafield ind1=" " ind2=" " tag="250"><subfield code="6">880-03</subfield><subfield code="a">al-T&#803;ab&#699;ah 1.</subfield></datafield><datafield ind1=" " ind2=" " tag="260"><subfield code="6">880-04</subfield><subfield code="a">[Cairo] :</subfield><subfield code="b">al-Mat&#803;ba&#699;ah al-&#699;A&#772;mirah al-Sharafi&#772;yah,</subfield><subfield code="c">1311 [1893]</subfield></datafield><datafield ind1=" " ind2=" " tag="300"><subfield code="a">online resource (264 pages)</subfield></datafield><datafield ind1=" " ind2=" " tag="336"><subfield code="a">text</subfield><subfield code="2">rdacontent</subfield></datafield><datafield ind1=" " ind2=" " tag="337"><subfield code="a">computer</subfield><subfield code="2">rdamedia</subfield></datafield><datafield ind1=" " ind2=" " tag="338"><subfield code="a">online resource</subfield><subfield code="2">rdacarrier</subfield></datafield><datafield ind1=" " ind2=" " tag="500"><subfield code="a">Part of the Arabic Collections Online (ACO) project, contributed by Columbia University Libraries.</subfield></datafield><datafield ind1=" " ind2=" " tag="533"><subfield code="a">Electronic reproduction.</subfield><subfield code="b">New York, N.Y. :</subfield><subfield code="c">New York University,</subfield><subfield code="d">2015.</subfield><subfield code="5">NNU</subfield></datafield><datafield ind1=" " ind2="0" tag="650"><subfield code="a">Islamic civilization</subfield><subfield code="v">Miscellanea</subfield><subfield code="v">Early works to 1800.</subfield></datafield><datafield ind1=" " ind2="7" tag="650"><subfield code="a">Islamic civilization.</subfield><subfield code="2">fast</subfield><subfield code="0">(OCoLC)fst01730294</subfield></datafield><datafield ind1=" " ind2="0" tag="650"><subfield code="a">Sayuti</subfield><subfield code="t">Lat&#803;if fi&#772;</subfield></datafield><datafield ind1="0" ind2="0" tag="600"><subfield code="6">880-05</subfield><subfield code="a">Suyu&#772;t&#803;i&#772;,</subfield><subfield code="d">1445-1505.</subfield><subfield code="t">Lat&#803;i&#772;f fi&#772; ma&#699;rifat al-awa&#772;&#700;il. </subfield></datafield><datafield ind1=" " ind2="7" tag="655"><subfield code="a">Early works.</subfield><subfield code="2">fast</subfield><subfield code="0">(OCoLC)fst01411636</subfield></datafield><datafield ind1=" " ind2="7" tag="655"><subfield code="a">Miscellanea.</subfield><subfield code="2">fast</subfield><subfield code="0">(OCoLC)fst01423854</subfield></datafield><datafield ind1="0" ind2="2" tag="700"><subfield code="6">880-06</subfield><subfield code="a">Suyu&#772;t&#803;i&#772;,</subfield><subfield code="d">1445-1505.</subfield><subfield code="t">Wasa&#772;&#700;il ila&#769; musa&#772;marat al-awa&#772;&#700;il.</subfield></datafield><datafield ind1="2" ind2=" " tag="710"><subfield code="a">Columbia University.</subfield><subfield code="b">Libraries.</subfield></datafield><datafield ind1="0" ind2=" " tag="730"><subfield code="a">Arabic Collections Online.</subfield></datafield><datafield ind1="0" ind2="8" tag="776"><subfield code="i">Online version:</subfield><subfield code="a">Shaykh al-Turbah, &#699;Ali&#772; Dadah ibn Mus&#803;t&#803;afa&#769;, -1598 or 9.</subfield><subfield code="t">Muh&#803;a&#772;d&#803;arat al-awa&#772;&#700;il wa-musa&#772;marat al-awa&#772;khir.</subfield><subfield code="b">al-T&#803;ab&#699;ah 1.</subfield><subfield code="d">[Cairo] : al-Mat&#803;ba&#699;ah al-&#699;A&#772;mirah al-Sharafi&#772;yah, 1311 [1893]</subfield><subfield code="w">(OCoLC)586347259</subfield></datafield><datafield ind1="0" ind2="8" tag="776"><subfield code="i">Print version:</subfield><subfield code="a">Shaykh al-Turbah, &#699;Ali&#772; Dadah ibn Mus&#803;t&#803;afa&#769;, -1598 or 1599.</subfield><subfield code="t">Muh&#803;a&#772;d&#803;arat al-awa&#772;&#700;il wa-musa&#772;marat al-awa&#772;khir</subfield><subfield code="w">(NNC)3076747</subfield><subfield code="w">(OCoLC)33993376</subfield></datafield><datafield ind1="4" ind2="0" tag="856"><subfield code="u">http://hdl.handle.net/2333.1/2fqz63b2</subfield></datafield><datafield ind1="1" ind2=" " tag="880"><subfield code="6">100-01/r</subfield><subfield code="a">&#1588;&#1610;&#1582; &#1575;&#1604;&#1578;&#1585;&#1576;&#1577;&#1548; &#1593;&#1604;&#1610; &#1583;&#1583;&#1577; &#1576;&#1606; &#1605;&#1589;&#1591;&#1601;&#1609;&#1548;</subfield><subfield code="d">-1598 or 1599.</subfield></datafield><datafield ind1="1" ind2="0" tag="880"><subfield code="6">245-02/r</subfield><subfield code="a">&#1605;&#1581;&#1575;&#1590;&#1585;&#1577; &#1575;&#1604;&#1571;&#1608;&#1575;&#1574;&#1604; &#1608;&#1605;&#1587;&#1575;&#1605;&#1585;&#1577; &#1575;&#1604;&#1571;&#1608;&#1575;&#1582;&#1585; /</subfield><subfield code="c">&#1578;&#1571;&#1604;&#1610;&#1601; &#1593;&#1604;&#1575;&#1569; &#1575;&#1604;&#1583;&#1610;&#1606; &#1593;&#1604;&#1610; &#1583;&#1583;&#1577; &#1575;&#1604;&#1587;&#1603;&#1578;&#1608;&#1575;&#1585;&#1610; &#1575;&#1604;&#1576;&#1587;&#1606;&#1608;&#1610;.</subfield></datafield><datafield ind1=" " ind2=" " tag="880"><subfield code="6">250-03/r</subfield><subfield code="a">&#1575;&#1604;&#1591;&#1576;&#1593;&#1577; &#1633;.</subfield></datafield><datafield ind1=" " ind2=" " tag="880"><subfield code="6">260-04/r</subfield><subfield code="a">[&#1575;&#1604;&#1602;&#1575;&#1607;&#1585;&#1577;] :</subfield><subfield code="b">&#1575;&#1604;&#1605;&#1591;&#1576;&#1593;&#1577; &#1575;&#1604;&#1593;&#1575;&#1605;&#1585;&#1577; &#1575;&#1604;&#1588;&#1585;&#1601;&#1610;&#1577;&#1548;</subfield><subfield code="c">&#1633;&#1635;&#1633;&#1633; [&#1633;&#1640;&#1641;&#1635;]</subfield></datafield><datafield ind1="0" ind2="4" tag="880"><subfield code="6">600-05/r</subfield><subfield code="a">&#1587;&#1610;&#1608;&#1591;&#1610;.</subfield><subfield code="t">&#1604;&#1591;&#1610;&#1601; &#1601;&#1610; &#1605;&#1593;&#1585;&#1601;&#1577; &#1575;&#1604;&#1571;&#1608;&#1575;&#1574;&#1604;.</subfield></datafield><datafield ind1="0" ind2="2" tag="880"><subfield code="6">700-06/r</subfield><subfield code="a">&#1587;&#1610;&#1608;&#1591;&#1610;&#1548;</subfield><subfield code="d">1445-1505.</subfield><subfield code="t">&#1608;&#1587;&#1575;&#1574;&#1604; &#1575;&#1604;&#1609; &#1605;&#1587;&#1575;&#1605;&#1585;&#1577; &#1575;&#1604;&#1575;&#1608;&#1575;&#1574;&#1604;.</subfield></datafield><datafield ind1=" " ind2=" " tag="959"><subfield code="a">NNU</subfield><subfield code="b">WEB</subfield><subfield code="c">GENI</subfield><subfield code="t">0</subfield><subfield code="m">Electronic access</subfield><subfield code="s">01</subfield></datafield><datafield ind1=" " ind2=" " tag="999"><subfield code="i">NNC_3076747</subfield><subfield code="o">(OCoLC)ocm33993376</subfield><subfield code="e">(ERROR-880)</subfield><subfield code="s">columbia_aco000233</subfield></datafield></record>